@book{SANTROCK,
AUTHOR    = {Santrock, J. W.},
TITLE     = {Educational Psychology},
PUBLISHER = {McGraw-Hill},
ADDRESS   = {New York},
YEAR      = {2001},
}
@book{ORLICH,
AUTHOR    = {Orlich, D. C. and Harder, R. J. and Trevisan, M. S. and Brown, A. and Callahan, R. C.},
TITLE     = {Teaching Strategies: A Guide to Effective Instruction},
PUBLISHER = {Wadsworth Publishing},
ADDRESS   = {California},
YEAR      = {2009},
}
@ARTICLE{KOO,
AUTHOR  = {Koo, G. S.},
TITLE   = {English Language in Philippine Education: Themes and Variations in Policy, Practice, Pedagogy and Research},
JOURNAL = {Asia Pacific Journal of Research},
PAGES   = {19-33},
URLDATE = {2017-03-05},
URL     = {https://www.pecerajournal.com/data/?a =21774},
YEAR    = {2008},
}
@article{BORLONGAN,
AUTHOR  = {Borlongan, A. M.},
TITLE   = {A Survey on Language use, Attitudes, and Identity in Relation to Philippine English among Young Generation Filipinos: An Initial Sample from a Private University},
JOURNAL = {Philippine ESL Journal},
PAGES   = {74-107},
URLDATE = {2017-03-05},
URL     = {http://files.eric.ed.gov/fulltext/ED505885.pdf},
YEAR    = {2009},
}
@article{YANAGIHARA,
AUTHOR  = {Yanagihara, Y},
TITLE   = {A Study of Bilingual Education in the Philippines—Difference in Pupil’s Understanding Between Learning Mathematics in Cebuano and English.},
JOURNAL = {The Keiai Journal of International Studies},
PAGES   = {175-201},
URLDATE = {2017-03-05},
URL     = {https://www.u-keiai.ac.jp/issn/menu/ronbun/no19/19-175_yanagi.pdf},
YEAR    = {2007},
}
@article{KAWAHARA,
AUTHOR    = {Kawahara, T.},
TITLE     = {Philippine no Kokugo Seisaku no Rekishi},
JOURNAL   = {Sekai no Gengo Seisaku},
PAGES     = {65-97},
ADDRESS   = {Tokyo},
PUBLISHER = {Kuroshio Press},
YEAR      = {2003},
}
@article{HIDEO,
AUTHOR  = {Hideo Ikeda, J. V.},
TITLE   = {Primary Students' Perspectives on the Use of Multiple Languages in Learning Science},
JOURNAL = {Asian Conference on Education 2012},
PAGES   = {715-722},
URLDATE = {2017-03-05},
URL     = {http://iafor.org/archives/offprints/ace2012-offprints/ACE2012_0366.pdf},
YEAR    = {2012},
}
@article{BROCKUTNE,
AUTHOR  = {Brock-Utne, B.},
TITLE   = {Education for all – in whose language?},
JOURNAL = {Oxford Review of Education},
PAGES   = {115-134},
YEAR    = {2001, March},
}